<?xml version="1.0" encoding="UTF-8"?><record xmlns="http://www.loc.gov/MARC21/slim" xmlns:cinclude="http://apache.org/cocoon/include/1.0" xmlns:zs="http://www.loc.gov/zing/srw/">
  <leader>00845cz  a2200169n  4500</leader>
  <controlfield tag="001">n  89666119 </controlfield>
  <controlfield tag="003">DLC</controlfield>
  <controlfield tag="005">20120807083917.0</controlfield>
  <controlfield tag="008">891121n| acannaab           |a ana     c</controlfield>
  <datafield tag="010" ind1=" " ind2=" ">
    <subfield code="a">n  89666119 </subfield>
  </datafield>
  <datafield tag="040" ind1=" " ind2=" ">
    <subfield code="a">ICU</subfield>
    <subfield code="b">eng</subfield>
    <subfield code="c">ICU</subfield>
    <subfield code="d">DLC</subfield>
  </datafield>
  <datafield tag="111" ind1="2" ind2=" ">
    <subfield code="a">International Symposium on Body Plethysmography</subfield>
    <subfield code="d">(1968 :</subfield>
    <subfield code="c">Nijmegen, Netherlands)</subfield>
  </datafield>
  <datafield tag="411" ind1="2" ind2=" ">
    <subfield code="w">nnaa</subfield>
    <subfield code="a">International Symposium on Body Plethysmography,</subfield>
    <subfield code="c">Nijmegen, Netherlands,</subfield>
    <subfield code="d">1968</subfield>
  </datafield>
  <datafield tag="411" ind1="2" ind2=" ">
    <subfield code="a">Symposium on Body Plethysmography, International</subfield>
  </datafield>
  <datafield tag="667" ind1=" " ind2=" ">
    <subfield code="a">THIS 1XX FIELD CANNOT BE USED UNDER RDA UNTIL THIS RECORD HAS BEEN REVIEWED AND/OR UPDATED</subfield>
  </datafield>
  <datafield tag="670" ind1=" " ind2=" ">
    <subfield code="a">Its Body plethysmography, 1969:</subfield>
    <subfield code="b">t.p. (International Symposium on Body Plethysmography, Nijmegen, September 17-18, 1968)</subfield>
  </datafield>
  <datafield tag="670" ind1=" " ind2=" ">
    <subfield code="a">LC data base, 11-20-89</subfield>
    <subfield code="b">(hdg.: International Symposium on Body Plethysmography, Nijmegen, Netherlands, 1968)</subfield>
  </datafield>
</record>